@book{Goodfellow-et-al-2016,
	title={Deep Learning},
	author={Ian Goodfellow and Yoshua Bengio and Aaron Courville},
	publisher={MIT Press},
	note={\url{http://www.deeplearningbook.org}},
	year={2016}
}
@article{jia2014caffe,
  Author = {Jia, Yangqing and Shelhamer, Evan and Donahue, Jeff and Karayev, Sergey and Long, Jonathan and Girshick, Ross and Guadarrama, Sergio and Darrell, Trevor},
  Journal = {arXiv preprint arXiv:1408.5093},
  Title = {Caffe: Convolutional Architecture for Fast Feature Embedding},
  Year = {2014}
}
@conference{veit2016cocotext,
	title = {COCO-Text: Dataset and Benchmark for Text Detection and Recognition in Natural Images},
	author = {Andreas Veit and Tomas Matera and Lukas Neumann and Jiri Matas and Serge Belongie},
	url = {http://vision.cornell.edu/se3/wp-content/uploads/2016/01/1601.07140v1.pdf},
	year = {2016},
	date = {2016-01-26},
	booktitle = {arXiv preprint arXiv:1601.07140},
	keywords = {}
}
@book{pullum2007guidance,
	title={Guidance for the Verification and Validation of Neural Networks},
	author={Pullum, L.L. and Taylor, B.J. and Darrah, M.A.},
	isbn={9780470084571},
	lccn={2010277955},
	series={Emerging Technologies},
	url={https://books.google.es/books?id=\_g9jHhpGqvIC},
	year={2007},
	publisher={Wiley}
}

@book{lopez2008redes,
	title={Las Redes Neuronales Artificiales},
	author={L{\'o}pez, R.F. and Fern{\'a}ndez, J.M.F.},
	isbn={9788497452465},
	series={Metodolog{\'\i}a y An{\'a}lisis de Datos en Ciencias Sociales},
	url={https://books.google.es/books?id=X0uLwi1Ap4QC},
	year={2008},
	publisher={Netbiblo}
}

@book{fundamentos,
	title={Fundamentos para el procesamiento de im{\'a}genes},
	author={Jos{\'e} Jaime Esqueda Elizondo and Luis Enrique Palafox Maestre},
	isbn={9789707350168},
	url={https://books.google.es/books?id=h4Gj8GuwPVkC},
	publisher={Uabc}
}


@article{4767851, 
	author={J. Canny}, 
	journal={IEEE Transactions on Pattern Analysis and Machine Intelligence}, 
	title={A Computational Approach to Edge Detection}, 
	year={1986}, 
	volume={PAMI-8}, 
	number={6}, 
	pages={679-698}, 
	keywords={Detectors;Feature extraction;Gaussian approximation;Image edge detection;Machine vision;Performance analysis;Shape measurement;Signal synthesis;Signal to noise ratio;Uncertainty;Edge detection;feature extraction;image processing;machine vision;multiscale image analysis}, 
	doi={10.1109/TPAMI.1986.4767851}, 
	ISSN={0162-8828}, 
	month={Nov},}


@misc{caffe,
	author = "Rob Hess, Clayton Mellina, and Friends",
	title = "{''Introducing: Flickr PARK or BIRD'', \textit{Flickr}}",
	year = "2014",
	howpublished = {\url{http://code.flickr.net/2014/10/20/introducing-flickr-park-or-bird/}},
	note = "[Accedido 13 de Junio de 2017]"
}

@Article{Everingham10, 
	author = "Everingham, M. and Van~Gool, L. and Williams, C. K. I. and Winn, J. and Zisserman, A.", 
	title = "The Pascal Visual Object Classes (VOC) Challenge", 
	journal = "International Journal of Computer Vision", 
	volume = "88", 
	year = "2010", 
	number = "2", 
	month = jun, 
	pages = "303--338", 
}

@misc{pascal-voc-2012,
	author = "Everingham, M. and Van~Gool, L. and Williams, C. K. I. and Winn, J. and Zisserman, A.",
	title = "The {PASCAL} {V}isual {O}bject {C}lasses {C}hallenge 2012 {(VOC2012)} {R}esults",
	howpublished = "http://www.pascal-network.org/challenges/VOC/voc2012/workshop/index.html"}

@misc{pascal-voc-2007,
	author = "Everingham, M. and Van~Gool, L. and Williams, C. K. I. and Winn, J. and Zisserman, A.",
	title = "The {PASCAL} {V}isual {O}bject {C}lasses {C}hallenge 2007 {(VOC2007)} {R}esults",
	howpublished = "http://www.pascal-network.org/challenges/VOC/voc2007/workshop/index.html"}


@misc{cannyOCV,
	author = "OpenCV",
	title = "{''Canny Edge Detection'', \textit{OpenCV Python Tutorials}}",
	year = "2017",
	howpublished = {\url{http://docs.opencv.org/trunk/da/d22/tutorial_py_canny.html}},
	note = "[Accedido 14 de Junio de 2017]"
}

@misc{laplacianOCV,
	author = "OpenCV",
	title = "{''Laplace Operator'', \textit{OpenCV Tutorials}}",
	year = "2017",
	howpublished = {\url{http://docs.opencv.org/2.4/doc/tutorials/imgproc/imgtrans/laplace_operator/laplace_operator.html}},
	note = "[Accedido 14 de Junio de 2017]"
}

@misc{sobelOCV,
	author = "OpenCV",
	title = "{''Sobel Derivatives'', \textit{OpenCV Tutorials}}",
	year = "2017",
	howpublished = {\url{http://docs.opencv.org/2.4/doc/tutorials/imgproc/imgtrans/sobel_derivatives/sobel_derivatives.html}},
	note = "[Accedido 18 de Junio de 2017]"
}

@book{gonzalez2008digital,
	title={Digital Image Processing},
	author={Gonzalez, R.C. and Woods, R.E.},
	isbn={9780131687288},
	lccn={2009289249},
	url={https://books.google.es/books?id=8uGOnjRGEzoC},
	year={2008},
	publisher={Pearson/Prentice Hall}
}

@book{sammut2011encyclopedia,
	title={Encyclopedia of Machine Learning},
	author={Sammut, C. and Webb, G.I.},
	isbn={9780387307688},
	lccn={2010935441},
	series={Encyclopedia of Machine Learning},
	url={https://books.google.es/books?id=i8hQhp1a62UC},
	year={2011},
	publisher={Springer US}
}

@article{FAWCETT2006861,
	title = "An introduction to ROC analysis",
	journal = "Pattern Recognition Letters",
	volume = "27",
	number = "8",
	pages = "861 - 874",
	year = "2006",
	note = "ROC Analysis in Pattern Recognition",
	issn = "0167-8655",
	doi = "http://dx.doi.org/10.1016/j.patrec.2005.10.010",
	url = "http://www.sciencedirect.com/science/article/pii/S016786550500303X",
	author = "Tom Fawcett",
	keywords = "ROC analysis",
	keywords = "Classifier evaluation",
	keywords = "Evaluation metrics"
}

@book{kolo2011binary,
	title={Binary and Multiclass Classification},
	author={Kolo, B.},
	isbn={9781615800162},
	url={https://books.google.es/books?id=XTuTAgAAQBAJ},
	year={2011},
	publisher={Weatherford Press}
}

@inproceedings{liu2016ssd,
	title = {{SSD}: Single Shot MultiBox Detector},
	author = {Liu, Wei and Anguelov, Dragomir and Erhan, Dumitru and Szegedy, Christian and Reed, Scott and Fu, Cheng-Yang and Berg, Alexander C.},
	booktitle = {ECCV},
	year = {2016}
}

@ARTICLE{2015arXiv151202325L,
	author = {{Liu}, W. and {Anguelov}, D. and {Erhan}, D. and {Szegedy}, C. and 
	{Reed}, S. and {Fu}, C.-Y. and {Berg}, A.~C.},
	title = "{SSD: Single Shot MultiBox Detector}",
	journal = {ArXiv e-prints},
	archivePrefix = "arXiv",
	eprint = {1512.02325},
	primaryClass = "cs.CV",
	keywords = {Computer Science - Computer Vision and Pattern Recognition},
	year = 2015,
	month = dec,
	adsurl = {http://adsabs.harvard.edu/abs/2015arXiv151202325L},
	adsnote = {Provided by the SAO/NASA Astrophysics Data System}
}

@ARTICLE{2014arXiv1404.7828S,
	author = {{Schmidhuber}, J.},
	title = "{Deep Learning in Neural Networks: An Overview}",
	journal = {ArXiv e-prints},
	archivePrefix = "arXiv",
	eprint = {1404.7828},
	keywords = {Computer Science - Neural and Evolutionary Computing, Computer Science - Learning},
	year = 2014,
	month = apr,
	adsurl = {http://adsabs.harvard.edu/abs/2014arXiv1404.7828S},
	adsnote = {Provided by the SAO/NASA Astrophysics Data System}
}

@misc{cnn,
	author = "Dewi Suryani, S.Kom., M.Eng.",
	title = "{''CONVOLUTIONAL NEURAL NETWORK'', \textit{Binus University - School of Computer Science}}",
	year = "2017",
	howpublished = {\url{http://socs.binus.ac.id/2017/02/27/convolutional-neural-network/}},
	note = "[Accedido 20 de Junio de 2017]"
}

@misc{rna,
	author = "Anyu",
	title = "{''RNA – Redes Neuronales Artificiales'', \textit{Bitácoras de un Ingeniero}}",
	year = "2011",
	howpublished = {\url{http://andrealezcano.blogspot.com.es/2011/04/rna-redes-neuronales-artificiales.html}},
	note = "[Accedido 25 de Junio de 2017]"
}

@ARTICLE{2016arXiv160605718W,
	author = {{Wang}, D. and {Khosla}, A. and {Gargeya}, R. and {Irshad}, H. and 
	{Beck}, A.~H.},
	title = "{Deep Learning for Identifying Metastatic Breast Cancer}",
	journal = {ArXiv e-prints},
	archivePrefix = "arXiv",
	eprint = {1606.05718},
	primaryClass = "q-bio.QM",
	keywords = {Quantitative Biology - Quantitative Methods, Computer Science - Computer Vision and Pattern Recognition},
	year = 2016,
	month = jun,
	adsurl = {http://adsabs.harvard.edu/abs/2016arXiv160605718W},
	adsnote = {Provided by the SAO/NASA Astrophysics Data System}
}

@ARTICLE{2015arXiv150500256C,
	author = {{Chen}, C. and {Seff}, A. and {Kornhauser}, A. and {Xiao}, J.
	},
	title = "{DeepDriving: Learning Affordance for Direct Perception in Autonomous Driving}",
	journal = {ArXiv e-prints},
	archivePrefix = "arXiv",
	eprint = {1505.00256},
	primaryClass = "cs.CV",
	keywords = {Computer Science - Computer Vision and Pattern Recognition},
	year = 2015,
	month = may,
	adsurl = {http://adsabs.harvard.edu/abs/2015arXiv150500256C},
	adsnote = {Provided by the SAO/NASA Astrophysics Data System}
}

@misc{traduccion,
	author = "Otavio Good",
	title = "{''How Google Translate squeezes deep learning onto a phone'', \textit{Google Research Blog}}",
	year = "2015",
	howpublished = {\url{https://research.googleblog.com/2015/07/how-google-translate-squeezes-deep.html}},
	note = "[Accedido 25 de Junio de 2017]"
}

@ARTICLE{2015arXiv151208512O,
	author = {{Owens}, A. and {Isola}, P. and {McDermott}, J. and {Torralba}, A. and 
	{Adelson}, E.~H. and {Freeman}, W.~T.},
	title = "{Visually Indicated Sounds}",
	journal = {ArXiv e-prints},
	archivePrefix = "arXiv",
	eprint = {1512.08512},
	primaryClass = "cs.CV",
	keywords = {Computer Science - Computer Vision and Pattern Recognition, Computer Science - Learning, Computer Science - Sound},
	year = 2015,
	month = dec,
	adsurl = {http://adsabs.harvard.edu/abs/2015arXiv151208512O},
	adsnote = {Provided by the SAO/NASA Astrophysics Data System}
}

@ARTICLE{coco,
	author = {{Lin}, T.-Y. and {Maire}, M. and {Belongie}, S. and {Bourdev}, L. and 
	{Girshick}, R. and {Hays}, J. and {Perona}, P. and {Ramanan}, D. and 
	{Zitnick}, C.~L. and {P.Dollár}},
	title = "{Microsoft COCO: Common Objects in Context}",
	journal = {ArXiv e-prints},
	archivePrefix = "arXiv",
	eprint = {1405.0312},
	primaryClass = "cs.CV",
	keywords = {Computer Science - Computer Vision and Pattern Recognition},
	year = 2014,
	month = may,
	adsurl = {http://adsabs.harvard.edu/abs/2014arXiv1405.0312L},
	adsnote = {Provided by the SAO/NASA Astrophysics Data System}
}
