@book{Goodfellow-et-al-2016,
	title={Deep Learning},
	author={Ian Goodfellow and Yoshua Bengio and Aaron Courville},
	publisher={MIT Press},
	note={\url{http://www.deeplearningbook.org}},
	year={2016}
}

@misc{rna,
	author = "Anyu",
	title = "{``RNA - Redes Neuronales Artificiales'', \textit{Bitácoras de un Ingeniero}}",
	year = "2011",
	howpublished = {\url{http://andrealezcano.blogspot.com.es/2011/04/rna-redes-neuronales-artificiales.html}},
	note = "[Accedido 24 de Septiembre de 2020]"
}

@misc{vision,
	author = "Wikipedia",
	title = "Visión artificial",
	year = "2020",
	howpublished = {\url{https://es.wikipedia.org/wiki/Vision_artificial}},
	note = "[Accedido 24 de Septiembre de 2020]"
}

@misc{innereye,
	author = "Microsoft",
	title = "Project InnerEye – Democratizing Medical Imaging AI",
	year = "2020",
	howpublished = {\url{https://www.microsoft.com/en-us/research/project/medical-image-analysis}},
	note = "[Accedido 24 de Septiembre de 2020]"
}

@misc{tracking,
	author = "Istituto Italiano di Tecnologia",
	title = "Person Detection and Tracking",
	year = "2020",
	howpublished = {\url{https://pavis.iit.it/projects/people-detection-and-tracking}},
	note = "[Accedido 24 de Septiembre de 2020]"
}

@misc{mlp,
	author = "Missinglink.ai",
	title = "Perceptrons and Multi-Layer Perceptrons: The Artificial Neuron at the Core of Deep Learning",
	year = "2020",
	howpublished = {\url{https://missinglink.ai/guides/neural-network-concepts/perceptrons-and-multi-layer-perceptrons-the-artificial-neuron-at-the-core-of-deep-learning/}},
	note = "[Accedido 24 de Septiembre de 2020]"
}

@misc{drive,
	author = "Neda Cvijetic~(Nvidia)",
	title = "DRIVE Labs: Predicting the Future with RNNs",
	year = "2019",
	howpublished = {\url{https://blogs.nvidia.com/blog/2019/05/22/drive-labs-predicting-future-motion/}},
	note = "[Accedido 24 de Septiembre de 2020]"
}

@misc{cnn,
	author = "Dewi Suryani, S.Kom., M.Eng.",
	title = "{``Convolutional Neural Network'', \textit{Binus University - School of Computer Science}}",
	year = "2017",
	howpublished = {\url{http://socs.binus.ac.id/2017/02/27/convolutional-neural-network/}},
	note = "[Accedido 24 de Septiembre de 2020]"
}

@misc{aerocovid,
	author = "AeroCovid ©",
	title = "Aplicaciones de AeroCovid ©",
	year = "2017",
	howpublished = {\url{https://aerocovid.com/aplicaciones/}},
	note = "[Accedido 24 de Septiembre de 2020]"
}

@misc{narayanan2019understanding,
    title={Understanding Deep Neural Network Predictions for Medical Imaging Applications}, 
    author={Barath Narayanan Narayanan and Manawaduge Supun De Silva and Russell C. Hardie and Nathan K. Kueterman and Redha Ali},
    year={2019},
    eprint={1912.09621},
    archivePrefix={arXiv},
    primaryClass={cs.LG},
    howpublished = {\url{https://arxiv.org/abs/1912.09621}},
	note = "[Accedido 24 de Septiembre de 2020]"
}

@ARTICLE{2019PLoSO..1423593S,
    author = {{Stoean}, Catalin and {Paja}, Wies{\l}aw and {Stoean}, Ruxandra and {Sand
    ita}, Adrian},
    title = "{Deep architectures for long-term stock price prediction with a heuristic-based strategy for trading simulations}",
    journal = {PLoS ONE},
     year = 2019,
    month = oct,
    volume = {14},
    number = {10},
    pages = {e0223593},
      doi = {10.1371/journal.pone.0223593},
    adsurl = {https://ui.adsabs.harvard.edu/abs/2019PLoSO..1423593S},
    adsnote = {Provided by the SAO/NASA Astrophysics Data System}
}


@misc{lstm,
	author = "Christopher Olah",
	title = "{Understanding LSTM Networks}",
	year = "2015",
	howpublished = {\url{https://colah.github.io/posts/2015-08-Understanding-LSTMs/}},
	note = "[Accedido 24 de Septiembre de 2020]"
}

@misc{convlstm,
	author = "Alexandre Xavier",
	title = "{An introduction to ConvLSTM}",
	year = "2019",
	howpublished = {\url{https://medium.com/neuronio/an-introduction-to-convlstm-55c9025563a7}},
	note = "[Accedido 24 de Septiembre de 2020]"
}

@article{Redmon2016YouOL,
    title={You Only Look Once: Unified, Real-Time Object Detection},
    author={Joseph Redmon and S. Divvala and Ross B. Girshick and Ali Farhadi},
    journal={2016 IEEE Conference on Computer Vision and Pattern Recognition (CVPR)},
    year={2016},
    pages={779-788}
}

@article{DBLP:journals/corr/ShiCWYWW15,
    author    = {Xingjian Shi and
               Zhourong Chen and
               Hao Wang and
               Dit{-}Yan Yeung and
               Wai{-}Kin Wong and
               Wang{-}chun Woo},
    title     = {Convolutional {LSTM} Network: {A} Machine Learning Approach for Precipitation
               Nowcasting},
    journal   = {CoRR},
    volume    = {abs/1506.04214},
    year      = {2015},
    url       = {http://arxiv.org/abs/1506.04214},
    archivePrefix = {arXiv},
    eprint    = {1506.04214},
    timestamp = {Mon, 13 Aug 2018 16:48:00 +0200},
    biburl    = {https://dblp.org/rec/journals/corr/ShiCWYWW15.bib},
    bibsource = {dblp computer science bibliography, https://dblp.org}
}

@incollection{NIPS2012_4824,
    title = {ImageNet Classification with Deep Convolutional Neural Networks},
    author = {Alex Krizhevsky and Sutskever, Ilya and Hinton, Geoffrey E},
    booktitle = {Advances in Neural Information Processing Systems 25},
    editor = {F. Pereira and C. J. C. Burges and L. Bottou and K. Q. Weinberger},
    pages = {1097--1105},
    year = {2012},
    publisher = {Curran Associates, Inc.},
    url = {http://papers.nips.cc/paper/4824-imagenet-classification-with-deep-convolutional-neural-networks.pdf}
}

@article{mlpstruct,
    author = {Marques, Delano and Barradas Filho, Alex and Romariz, Alexandre and Viegas, Isabelle and Luz, Djavania and Barros Filho, Allan Kardec and Labidi, Sofiane and Ferraudo, Antonio},
    year = {2014},
    month = {01},
    pages = {97},
    title = {Recent Developments on Statistical and Neural Network Tools Focusing on Biodiesel Quality},
    volume = {3},
    journal = {International Journal of Computer Science and Application},
    doi = {10.14355/ijcsa.2014.0303.01}
}

@article{elman1990finding,
	title={Finding structure in time},
	author={Elman, Jeffrey L},
	journal={Cognitive science},
	volume={14},
	number={2},
	pages={179--211},
	year={1990},
	publisher={Wiley Online Library}
}

@inproceedings{koskela1996time,
	title={Time series prediction with multilayer perceptron, FIR and Elman neural networks},
	author={Koskela, Timo and Lehtokangas, Mikko and Saarinen, Jukka and Kaski, Kimmo},
	booktitle={Proceedings of the World Congress on Neural Networks},
	pages={491--496},
	year={1996},
	organization={INNS Press San Diego, USA}
}

@article{LANG199023,
	title = "A time-delay neural network architecture for isolated word recognition",
	journal = "Neural Networks",
	volume = "3",
	number = "1",
	pages = "23 - 43",
	year = "1990",
	issn = "0893-6080",
	doi = "https://doi.org/10.1016/0893-6080(90)90044-L",
	url = "http://www.sciencedirect.com/science/article/pii/089360809090044L",
	author = "Kevin J. Lang and Alex H. Waibel and Geoffrey E. Hinton",
	keywords = "Isolated word recognition, Network architecture, Constrained links, Time delays, Multiresolution learning, Multispeaker speech recognition, Neural networks"
}

@ARTICLE{Hopfield:2007,
    AUTHOR = {Hopfield, John. J.},
    TITLE   = {{H}opfield network},
    YEAR    = {2007},
    JOURNAL = {Scholarpedia},
    VOLUME  = {2},
    NUMBER  = {5},
    PAGES   = {1977},
    DOI     = {10.4249/scholarpedia.1977},
    NOTE    = {revision \#91363}
}

@article{hochreiter1997long,
	title={Long short-term memory},
	author={Hochreiter, Sepp and Schmidhuber, J{\"u}rgen},
	journal={Neural computation},
	volume={9},
	number={8},
	pages={1735--1780},
	year={1997},
	publisher={MIT Press}
}

@article{arimaprices,
    author = {Contreras, J. and Espinola, Rosario and Nogales, Francisco and Conejo, Antonio},
    year = {2002},
    month = {10},
    pages = {57 - 57},
    title = {ARIMA Models to Predict Next-Day Electricity Prices},
    volume = {22},
    journal = {Power Engineering Review, IEEE},
    doi = {10.1109/MPER.2002.4312577}
}

@article{arimann,
    author = {Zhang, Peter},
    year = {2003},
    month = {01},
    pages = {159-175},
    title = {Zhang, G.P.: Time Series Forecasting Using a Hybrid ARIMA and Neural Network Model. Neurocomputing 50, 159-175},
    volume = {50},
    journal = {Neurocomputing},
    doi = {10.1016/S0925-2312(01)00702-0}
}

@article{multiplicative,
    author = {Egrioglu, Erol and Yolcu, Ufuk and Aladag, Cagdas and Bas, Eren},
    year = {2014},
    month = {04},
    pages = {},
    title = {Recurrent Multiplicative Neuron Model Artificial Neural Network for Non-Linear Time Series Forecasting},
    volume = {109},
    journal = {Neural Processing Letters},
    doi = {10.1007/s11063-014-9342-0}
}

@inproceedings{sociallstm,
    author={A. {Alahi} and K. {Goel} and V. {Ramanathan} and A. {Robicquet} and L. {Fei-Fei} and S. {Savarese}},
    booktitle={2016 IEEE Conference on Computer Vision and Pattern Recognition (CVPR)}, 
    title={Social LSTM: Human Trajectory Prediction in Crowded Spaces},
    year={2016},
    volume={},
    number={},
    pages={961-971}
}


@article{taxi,
    title={Combining time-series and textual data for taxi demand prediction in event areas: A deep learning approach},
    volume={49},
    ISSN={1566-2535},
    url={http://dx.doi.org/10.1016/j.inffus.2018.07.007},
    DOI={10.1016/j.inffus.2018.07.007},
    journal={Information Fusion},
    publisher={Elsevier BV},
    author={Rodrigues, Filipe and Markou, Ioulia and Pereira, Francisco C.},
    year={2019},
    month={Sep},
    pages={120–129}
}

@inproceedings{vehicletrajectory,
    author = {Park, Seong and Kim, ByeongDo and Kang, Chang and Chung, Chung and Choi, Jun},
    year = {2018},
    month = {06},
    pages = {1672-1678},
    booktitle = {2018 IEEE Intelligent Vehicles Symposium (IV)},
    title = {Sequence-to-Sequence Prediction of Vehicle Trajectory via LSTM Encoder-Decoder Architecture},
    doi = {10.1109/IVS.2018.8500658}
    }

@incollection{actiongames,
    title = {Action-Conditional Video Prediction using Deep Networks in Atari Games},
    author = {Oh, Junhyuk and Guo, Xiaoxiao and Lee, Honglak and Lewis, Richard L and Singh, Satinder},
    booktitle = {Advances in Neural Information Processing Systems 28},
    editor = {C. Cortes and N. D. Lawrence and D. D. Lee and M. Sugiyama and R. Garnett},
    pages = {2863--2871},
    year = {2015},
    publisher = {Curran Associates, Inc.},
    url = {\url{http://papers.nips.cc/paper/5859-action-conditional-video-prediction-using-deep-networks-in-atari-games.pdf}}
}

@inproceedings{unsupervisedlstm, 
    author = {Srivastava, Nitish and Mansimov, Elman and Salakhutdinov, Ruslan}, 
    title = {Unsupervised Learning of Video Representations Using LSTMs}, 
    year = {2015}, 
    publisher = {JMLR.org}, 
    booktitle = {Proceedings of the 32nd International Conference on International Conference on Machine Learning - Volume 37}, 
    pages = {843–852}, 
    numpages = {10}, 
    location = {Lille, France}, 
    series = {ICML'15} 
}

@inproceedings{unlabeledvideo,
    author = {Vondrick, Carl and Pirsiavash, Hamed and Torralba, Antonio},
    year = {2016},
    month = {06},
    booktitle ={2016 IEEE Conference on Computer Vision and Pattern Recognition (CVPR)},
    pages = {98-106},
    title = {Anticipating Visual Representations from Unlabeled Video},
    doi = {10.1109/CVPR.2016.18}
}

@inproceedings{descompose,
    author    = {Ruben Villegas and
               Jimei Yang and
               Seunghoon Hong and
               Xunyu Lin and
               Honglak Lee},
    title     = {Decomposing Motion and Content for Natural Video Sequence Prediction},
    booktitle = {5th International Conference on Learning Representations, {ICLR} 2017,
               Toulon, France, April 24-26, 2017, Conference Track Proceedings},
    publisher = {OpenReview.net},
    year      = {2017},
    url       = {https://openreview.net/forum?id=rkEFLFqee},
    timestamp = {Thu, 25 Jul 2019 14:26:00 +0200},
    biburl    = {https://dblp.org/rec/conf/iclr/VillegasYHLL17.bib},
    bibsource = {dblp computer science bibliography, https://dblp.org}
}

@article{3d,
    title={Predicting 3D Human Dynamics From Video},
    author={Jason Y. Zhang and Panna Felsen and A. Kanazawa and Jitendra Malik},
    journal={2019 IEEE/CVF International Conference on Computer Vision (ICCV)},
    year={2019},
    pages={7113-7122}
}

@misc{photorealistic,
    title={Photo-Realistic Video Prediction on Natural Videos of Largely Changing Frames}, 
    author={Osamu Shouno},
    year={2020},
    eprint={2003.08635},
    archivePrefix={arXiv},
    primaryClass={cs.CV},
    howpublished = {\url{https://arxiv.org/abs/2003.08635}},
	note = "[Accedido 01 de Octubre de 2020]"
}

@book{box1994series,
  added-at = {2011-12-19T23:11:01.000+0100},
  address = {Englewood Cliffs, NJ},
  author = {Box, George E. P. and Reinsel, Gregory C. and Jenkins, Gwilym M.},
  biburl = {https://www.bibsonomy.org/bibtex/2ef5c57eb2f1c3d95ee2ef3cdf7af62b2/ahmedjawwad4u},
  interhash = {fff6b20eb3697bbc8df7d0651374577b},
  intrahash = {ef5c57eb2f1c3d95ee2ef3cdf7af62b2},
  keywords = {Arma Thesis},
  publisher = {Prentice-Hall},
  timestamp = {2011-12-19T23:11:01.000+0100},
  title = {Time series analysis: forecasting and control},
  year = 1994
}

@INPROCEEDINGS{dbnARIMA,
  author={Hirata, Takaomi and Kuremoto, Takashi and Obayashi, Masanao and Mabu, Shingo and Kobayashi, Kunikazu},
  booktitle={2015 International Conference on Computer Application Technologies}, 
  title={Time Series Prediction Using DBN and ARIMA}, 
  year={2015},
  volume={},
  number={},
  pages={24-29},}

